@misc{ agestructure, 
    title   = "Age Structure of Switzerland 2017", 
    url =    "https://www.indexmundi.com/switzerland/age_structure.html",
}

@misc{ bmistatistics,
    title = "Body Mass Index (BMI) nach Geschlecht, Alter, Bildungsniveau, Sprachgebiet - 1992, 1997, 2002, 2007, 2012, 2017: Tabelle",
    url   = "https://www.bfs.admin.ch/bfs/de/home/statistiken/gesundheit/determinanten/uebergewicht.assetdetail.6466017.html",
    author = "Bundesamt f√ºr Statistik",
}
